<record><leader>00000cas a22000007a 4500</leader><controlfield tag="001">10346634</controlfield><controlfield tag="008">840127d1903190utnuwr n       0   a0eng d</controlfield><datafield ind1=" " ind2=" " tag="010"><subfield code="a">sn 84025726 </subfield></datafield><datafield ind1=" " ind2=" " tag="040"><subfield code="a">NPV</subfield><subfield code="b">eng</subfield><subfield code="c">NPV</subfield><subfield code="d">DLC</subfield><subfield code="d">TGN</subfield><subfield code="d">OCLCQ</subfield><subfield code="d">UKMGB</subfield><subfield code="d">OCLCQ</subfield><subfield code="d">OCLCF</subfield><subfield code="d">OCLCO</subfield></datafield><datafield ind1="7" ind2=" " tag="016"><subfield code="a">013900375</subfield><subfield code="2">Uk</subfield></datafield><datafield ind1="1" ind2=" " tag="029"><subfield code="a">AU@</subfield><subfield code="b">000020417538</subfield></datafield><datafield ind1=" " ind2=" " tag="042"><subfield code="a">msc</subfield></datafield><datafield ind1=" " ind2=" " tag="043"><subfield code="a">n-us-tn</subfield></datafield><datafield ind1=" " ind2=" " tag="045"><subfield code="a">x0x-</subfield></datafield><datafield ind1=" " ind2=" " tag="052"><subfield code="a">3963</subfield><subfield code="b">R6</subfield></datafield><datafield ind1="0" ind2=" " tag="130"><subfield code="a">Citizen (Harriman, Tenn.)</subfield></datafield><datafield ind1="1" ind2="4" tag="245"><subfield code="a">The Citizen.</subfield></datafield><datafield ind1=" " ind2=" " tag="260"><subfield code="a">Harriman, Tenn. :</subfield><subfield code="b">[s.n.]</subfield></datafield><datafield ind1=" " ind2=" " tag="300"><subfield code="a">v. :</subfield><subfield code="b">ill.</subfield></datafield><datafield ind1=" " ind2=" " tag="310"><subfield code="a">Weekly</subfield></datafield><datafield ind1="1" ind2=" " tag="362"><subfield code="a">Began in 1903.</subfield><subfield code="z">Cf. Ayer's, 1904.</subfield></datafield><datafield ind1=" " ind2=" " tag="500"><subfield code="a">"A Prohibition newspaper."</subfield></datafield><datafield ind1=" " ind2=" " tag="500"><subfield code="a">Editors: J.A. Tate, &lt;1904&gt;; William P.F. Ferguson, 1904-&lt;1905&gt;</subfield></datafield><datafield ind1=" " ind2=" " tag="588"><subfield code="a">Description based on: Vol. 2, no. 35 (Aug. 31, 1904).</subfield></datafield><datafield ind1=" " ind2="0" tag="650"><subfield code="a">Prohibition</subfield><subfield code="z">Tennessee</subfield><subfield code="z">Harriman</subfield><subfield code="v">Newspapers.</subfield></datafield><datafield ind1=" " ind2="0" tag="651"><subfield code="a">Harriman (Tenn.)</subfield><subfield code="v">Newspapers.</subfield></datafield><datafield ind1=" " ind2="0" tag="651"><subfield code="a">Roane County (Tenn.)</subfield><subfield code="v">Newspapers.</subfield></datafield><datafield ind1=" " ind2="7" tag="655"><subfield code="a">Newspapers.</subfield><subfield code="2">fast</subfield><subfield code="0">(OCoLC)fst01423814</subfield></datafield><datafield ind1=" " ind2="7" tag="650"><subfield code="a">Prohibition.</subfield><subfield code="2">fast</subfield><subfield code="0">(OCoLC)fst01078761</subfield></datafield><datafield ind1=" " ind2="7" tag="651"><subfield code="a">Tennessee</subfield><subfield code="z">Harriman.</subfield><subfield code="2">fast</subfield><subfield code="0">(OCoLC)fst01228852</subfield></datafield><datafield ind1=" " ind2="7" tag="651"><subfield code="a">Tennessee</subfield><subfield code="z">Roane County.</subfield><subfield code="2">fast</subfield><subfield code="0">(OCoLC)fst01223283</subfield></datafield><datafield ind1=" " ind2=" " tag="752"><subfield code="a">United States</subfield><subfield code="b">Tennessee</subfield><subfield code="c">Roane</subfield><subfield code="d">Harriman.</subfield></datafield></record>